% This file was created with JabRef 2.10.
% Encoding: UTF-8


@Article{MaleenAbeydeera,
  Title                    = {4K Real-Time HEVC Decoder on an FPGA},
  Author                   = {Abeydeera, Maleen and Karunaratne, Manupa and Karunaratne, Geethan and De Silva, Kalana},
  Journal                  = {IEEE Transactions on Circuits and Systems for Video Technology},
  Year                     = {2016},

  Owner                    = {wgml},
  Timestamp                = {2017.07.02}
}

@Article{PawelDabal2014,
  Title                    = {Fast pipelined pseudo-random number generator in programmable SoC device},
  Author                   = {Dąbal, Paweł and Pełka, Ryszard},
  Journal                  = {Signals and Electronic Systems (ICSES), 2014 International Conference on},
  Year                     = {2014},

  Owner                    = {wgml},
  Timestamp                = {2017.07.02}
}

@Article{Flynn1972,
  Title                    = {Some Computer Organizations and Their Effectiveness},
  Author                   = {Flynn, Michael J.},
  Journal                  = {IEEE TRANSACTIONS ON COMPUTERS},
  Year                     = {1972},

  Owner                    = {wgml},
  Timestamp                = {2017.07.07}
}

@Article{giza2017,
  Title                    = {Bycie Giżą dla początkujących},
  Author                   = {Giża, Adam},
  Year                     = {2017},

  Owner                    = {vka},
  Timestamp                = {2017.06.06}
}

@Electronic{zybo-zynq-getting-started,
  Title                    = {Getting Started with the Linux Kernel and the Digilent Zybo/Xilinx Zynq},
  Author                   = {Herbert, Jeremy},
  Url                      = {http://jeremyherbert.net/get/digilent_zybo_zynq_getting_started},

  Owner                    = {wgml},
  Timestamp                = {2017.07.06}
}

@Electronic{xilinx-neon,
  Title                    = {Boost Software Performance on Zynq-7000 
AP SoC with NEON},
  Author                   = {Qin, Haoliang},
  Organization             = {Xilinx},
  Url                      = {https://www.xilinx.com/support/documentation/application_notes/xapp1206-boost-sw-performance-zynq7soc-w-neon.pdf},

  Owner                    = {wgml},
  Timestamp                = {2017.07.07}
}

@Electronic{axi-vdma-guide,
  Title                    = {AXI Video Direct Memory Access v6.2},
  Author                   = {Xilinx},
  Url                      = {https://www.xilinx.com/support/documentation/ip_documentation/axi_vdma/v6_2/pg020_axi_vdma.pdf},
  Year                     = {2016},

  Owner                    = {wgml},
  Timestamp                = {2017.07.04}
}

@Article{GuanwenZhong,
  Title                    = {Design of Multiple-Target Tracking System on Heterogeneous System-on-Chip Devices},
  Author                   = {Zhong, Guanwen and  Niar, Smail and Prakash, Alok and Mitra, Tulika},
  Journal                  = {IEEE Transactions on Vehicular Technology},
  Year                     = {2016},

  Owner                    = {wgml},
  Timestamp                = {2017.07.02}
}

@Electronic{adam-taylor-openamp,
  Title                    = {Adam Taylor’s MicroZed Chronicles, Part 171: OpenAMP and PetaLinux Build},
  Url                      = {https://forums.xilinx.com/t5/Xcell-Daily-Blog/Adam-Taylor-s-MicroZed-Chronicles-Part-171-OpenAMP-and-PetaLinux/ba-p/748583},

  Owner                    = {wgml},
  Timestamp                = {2017.07.06}
}

@Standard{axi-spec,
  Title                    = {AXI™ and ACE™ Protocol Specification},
  Organization             = {ARM},
  Url                      = {http://www.gstitt.ece.ufl.edu/courses/fall15/eel4720_5721/labs/refs/AXI4_specification.pdf},

  Owner                    = {wgml},
  Timestamp                = {2017.07.09}
}

@Electronic{dot-product-asm,
  Title                    = {Dot Product with Neon Intrinsics},
  Url                      = {https://stackoverflow.com/a/17442498},

  Owner                    = {wgml},
  Timestamp                = {2017.07.07}
}

@Electronic{freeRTOS-home,
  Title                    = {FreeRTOS},
  Url                      = {http://www.freertos.org/},

  Owner                    = {wgml},
  Timestamp                = {2017.07.06}
}

@Electronic{neon-home,
  Title                    = {ARM NEON technology},
  Url                      = {https://developer.arm.com/technologies/neon},

  Owner                    = {wgml},
  Timestamp                = {2017.07.07}
}

@Electronic{openamp-home,
  Title                    = {OPEN ASYMMETRIC MULTI PROCESSING (OpenAMP)},
  Url                      = {http://www.multicore-association.org/workgroup/oamp.php},

  Owner                    = {wgml},
  Timestamp                = {2017.07.06}
}

@Electronic{opencv-library,
  Title                    = {Open Source Computer Vision Library},
  Url                      = {http://opencv.org/},

  Owner                    = {wgml},
  Timestamp                = {2017.07.04}
}

@Electronic{petalinux-tools,
  Title                    = {PetaLinux Tools},
  Url                      = {https://www.xilinx.com/products/design-tools/embedded-software/petalinux-sdk.html},

  Owner                    = {wgml},
  Timestamp                = {2017.07.04}
}

@Standard{ssh-protocol,
  Title                    = {The SSH (Secure Shell) Remote Login Protocol},
  Institution              = {Helsinki University of Technology},
  Organization             = {Network Working Group},
  Url                      = {http://www.snailbook.com/protocols.html},

  Owner                    = {wgml},
  Timestamp                = {2017.07.04}
}

@Electronic{vivado-home,
  Title                    = {Vivado Design Suite},
  Url                      = {https://www.xilinx.com/products/design-tools/vivado.html},

  Owner                    = {wgml},
  Timestamp                = {2017.07.04}
}

@Electronic{xilinx-build-kernel,
  Title                    = {Xilinx Wiki - Build Kernel},
  Url                      = {http://www.wiki.xilinx.com/Build+Kernel},

  Owner                    = {wgml},
  Timestamp                = {2017.07.06}
}

@Electronic{xsdk-home,
  Title                    = {Xilinx Software Development Kit},
  Url                      = {https://www.xilinx.com/products/design-tools/embedded-software/sdk.html},

  Owner                    = {wgml},
  Timestamp                = {2017.07.04}
}

@Electronic{zybo-reference-manual,
  Title                    = {Zynq AP SoC Architecture},
  Url                      = {https://reference.digilentinc.com/reference/programmable-logic/zybo/reference-manual#zynq_ap_soc_architecture},

  Owner                    = {wgml},
  Timestamp                = {2017.07.02}
}

@Electronic{zybo-stock-linux,
  Title                    = {https://embeddedgreg.com/2014/04/08/step-4a-lets-build-stock-linux/},
  Url                      = {https://embeddedgreg.com/2014/04/08/step-4a-lets-build-stock-linux/},

  Owner                    = {wgml},
  Timestamp                = {2017.07.06}
}

@Electronic{zynq-datasheet,
  Title                    = {Zynq-7000 All Programmable SoC Data Sheet},
  Url                      = {https://www.xilinx.com/support/documentation/data_sheets/ds190-Zynq-7000-Overview.pdf},

  Owner                    = {wgml},
  Timestamp                = {2017.07.02}
}

@Electronic{zynq-homepage,
  Title                    = {Zynq-7000 All Programmable SoC},
  Url                      = {https://www.xilinx.com/products/silicon-devices/soc/zynq-7000.html},

  Owner                    = {wgml},
  Timestamp                = {2017.07.02}
}

@Electronic{zynq-openamp-gsg,
  Title                    = {OpenAMP Framework for Zynq Devices},
  Url                      = {https://www.xilinx.com/support/documentation/sw_manuals/xilinx2017_1/ug1186-zynq-openamp-gsg.pdf},

  Owner                    = {wgml},
  Timestamp                = {2017.07.06}
}

@comment{jabref-meta: databaseType:bibtex;}

